<record xmlns='http://www.loc.gov/MARC21/slim'><leader>01293cas a2200325 a 4500</leader><controlfield tag='001'>4651293</controlfield><controlfield tag='005'>20170421163848.0</controlfield><controlfield tag='008'>030108d194119uucc sr p       0   e0chi d</controlfield><datafield ind1=' ' ind2=' ' tag='040'><subfield code='a'>OCoLC</subfield><subfield code='b'>eng</subfield><subfield code='d'>ANL</subfield></datafield><datafield ind1='0' ind2='0' tag='245'><subfield code='6'>880-01</subfield><subfield code='a'>Gong ping bao =</subfield><subfield code='b'>Kung ping pao</subfield></datafield><datafield ind1='0' ind2='0' tag='880'><subfield code='6'>245-01</subfield><subfield code='a'>公平報 =</subfield><subfield code='b'>Kung ping pao</subfield></datafield><datafield ind1='3' ind2='1' tag='246'><subfield code='a'>Kung ping pao</subfield></datafield><datafield ind1='1' ind2='3' tag='246'><subfield code='a'>Kung ping pao, halfmonthly</subfield></datafield><datafield ind1='1' ind2='3' tag='246'><subfield code='a'>Kung ping pao semimonthly periodicals</subfield><subfield code='f'>&lt;July 1949&gt;</subfield></datafield><datafield ind1='1' ind2='3' tag='246'><subfield code='6'>880-09</subfield><subfield code='a'>Gong ping bao ban yue kan</subfield></datafield><datafield ind1='1' ind2='3' tag='880'><subfield code='6'>246-09</subfield><subfield code='a'>公平報半月刊</subfield></datafield><datafield ind1=' ' ind2=' ' tag='260'><subfield code='6'>880-02</subfield><subfield code='a'>Xianggang :</subfield><subfield code='b'>Fa xing ren Deng Chenghai,</subfield><subfield code='c'>1941-</subfield></datafield><datafield ind1=' ' ind2=' ' tag='880'><subfield code='6'>260-02</subfield><subfield code='a'>香港 :</subfield><subfield code='b'>發行人鄧澄海,</subfield><subfield code='c'>1941-</subfield></datafield><datafield ind1=' ' ind2=' ' tag='300'><subfield code='a'>v. :</subfield><subfield code='b'>ill. ;</subfield><subfield code='c'>26 cm.</subfield></datafield><datafield ind1=' ' ind2=' ' tag='310'><subfield code='a'>Semimonthly,</subfield><subfield code='b'>Mar. 1947-</subfield></datafield><datafield ind1=' ' ind2=' ' tag='321'><subfield code='6'>880-04</subfield><subfield code='a'>Xun kan</subfield></datafield><datafield ind1=' ' ind2=' ' tag='880'><subfield code='6'>321-04</subfield><subfield code='a'>旬刊</subfield></datafield><datafield ind1='1' ind2=' ' tag='362'><subfield code='a'>Began in 1941.</subfield></datafield><datafield ind1=' ' ind2=' ' tag='500'><subfield code='a'>Description based on: Di 2 juan di 11 hao (Minguo 37 nian [1948] 3 yue); cover title.</subfield></datafield><datafield ind1=' ' ind2=' ' tag='515'><subfield code='6'>880-07</subfield><subfield code='a'>Issues for &lt;Di 2 juan di 11 hao&gt;- called also &lt;zong hao di 23 qi&gt;-</subfield></datafield><datafield ind1=' ' ind2=' ' tag='880'><subfield code='6'>515-07</subfield><subfield code='a'>Issues for &lt;第2卷第11號&gt;- called also &lt;總號第23期&gt;-</subfield></datafield><datafield ind1=' ' ind2='0' tag='650'><subfield code='a'>World politics</subfield><subfield code='y'>20th century</subfield><subfield code='v'>Periodicals.</subfield></datafield><datafield ind1=' ' ind2='0' tag='651'><subfield code='a'>China</subfield><subfield code='x'>Politics and government</subfield><subfield code='y'>20th century</subfield><subfield code='v'>Periodicals.</subfield></datafield><datafield ind1='0' ind2='0' tag='785'><subfield code='6'>880-10</subfield><subfield code='t'>Shi dai sheng huo</subfield></datafield><datafield ind1='0' ind2='0' tag='880'><subfield code='6'>785-10</subfield><subfield code='t'>時代生活</subfield></datafield></record>